<record><leader>00000cas a22000007a 4500</leader><controlfield tag="001">27354306</controlfield><controlfield tag="008">930201d19821983mauwr ne      0    0eng d</controlfield><datafield ind1=" " ind2=" " tag="010"><subfield code="a">sn 93058744 </subfield></datafield><datafield ind1=" " ind2=" " tag="040"><subfield code="a">MGN</subfield><subfield code="b">eng</subfield><subfield code="c">MGN</subfield><subfield code="d">NYS</subfield><subfield code="d">OCLCQ</subfield></datafield><datafield ind1=" " ind2=" " tag="042"><subfield code="a">msc</subfield></datafield><datafield ind1="0" ind2="4" tag="245"><subfield code="a">The Times of Nantucket.</subfield></datafield><datafield ind1=" " ind2=" " tag="260"><subfield code="a">[Nantucket, Mass.] :</subfield><subfield code="b">Dan's Papers</subfield></datafield><datafield ind1=" " ind2=" " tag="300"><subfield code="a">v.</subfield></datafield><datafield ind1=" " ind2=" " tag="310"><subfield code="a">Weekly</subfield></datafield><datafield ind1="1" ind2=" " tag="362"><subfield code="a">Began in 1982; ceased in 1983?</subfield></datafield><datafield ind1=" " ind2=" " tag="588"><subfield code="a">Description based on: Vol. 1, no. 5 (July 16, 1982).</subfield></datafield><datafield ind1=" " ind2=" " tag="588"><subfield code="a">Latest issue consulted: Vol. 2 no 12 (Sept. 2, 1983).</subfield></datafield><datafield ind1=" " ind2=" " tag="752"><subfield code="a">United States</subfield><subfield code="b">Massachusetts</subfield><subfield code="c">Nantucket</subfield><subfield code="d">Nantucket.</subfield></datafield><datafield ind1="0" ind2="0" tag="785"><subfield code="t">Nantucket times</subfield><subfield code="w">(DLC)sn 93058745</subfield></datafield></record>